<record><leader>01806cam a2200481 a 4500</leader><controlfield tag="001">6803098</controlfield><controlfield tag="003">OCoLC</controlfield><controlfield tag="005">20150119134757.0</controlfield><controlfield tag="008">140326s2015    pau      b    001 0 eng c</controlfield><datafield ind1=" " ind2=" " tag="010"><subfield code="a">  2014012349</subfield></datafield><datafield ind1=" " ind2=" " tag="015"><subfield code="a">GBB4A6073</subfield><subfield code="2">bnb</subfield></datafield><datafield ind1=" " ind2=" " tag="015"><subfield code="a">GBB4A7717</subfield><subfield code="2">bnb</subfield></datafield><datafield ind1="7" ind2=" " tag="016"><subfield code="a">016885156</subfield><subfield code="2">Uk</subfield></datafield><datafield ind1="7" ind2=" " tag="016"><subfield code="a">016886803</subfield><subfield code="2">Uk</subfield></datafield><datafield ind1=" " ind2=" " tag="020"><subfield code="a">9780812246537</subfield><subfield code="q">hardcover</subfield></datafield><datafield ind1=" " ind2=" " tag="020"><subfield code="a">0812246535</subfield><subfield code="q">hardcover</subfield></datafield><datafield ind1="8" ind2=" " tag="024"><subfield code="a">40024316176</subfield></datafield><datafield ind1=" " ind2=" " tag="035"><subfield code="a">ocn902618008</subfield></datafield><datafield ind1=" " ind2=" " tag="040"><subfield code="a">PU/DLC</subfield><subfield code="b">eng</subfield><subfield code="c">YUS</subfield><subfield code="d">PAU</subfield><subfield code="d">DLC</subfield><subfield code="d">YDXCP</subfield><subfield code="d">BTCTA</subfield><subfield code="d">BDX</subfield><subfield code="d">OCLCF</subfield><subfield code="d">UKMGB</subfield><subfield code="d">KSU</subfield><subfield code="d">CDX</subfield><subfield code="d">COO</subfield><subfield code="d">UAB</subfield><subfield code="d">AEU</subfield></datafield><datafield ind1=" " ind2=" " tag="042"><subfield code="a">pcc</subfield></datafield><datafield ind1="0" ind2="0" tag="050"><subfield code="a">JZ1242</subfield><subfield code="b">.K59 2015</subfield></datafield><datafield ind1="0" ind2="0" tag="082"><subfield code="a">327.09/04</subfield><subfield code="2">23</subfield></datafield><datafield ind1=" " ind2=" " tag="090"><subfield code="a">JZ 1242 K59 2015</subfield><subfield code="b">AEU</subfield></datafield><datafield ind1="1" ind2=" " tag="100"><subfield code="a">Kliman, Daniel M.</subfield></datafield><datafield ind1="1" ind2="0" tag="245"><subfield code="a">Fateful transitions :</subfield><subfield code="b">how democracies manage rising powers, from the eve of World War I to China's ascendance /</subfield><subfield code="c">Daniel M. Kliman.</subfield></datafield><datafield ind1=" " ind2=" " tag="260"><subfield code="a">Philadelphia, Pa. :</subfield><subfield code="b">University of Pennsylvania Press,</subfield><subfield code="c">c2015.</subfield></datafield><datafield ind1=" " ind2=" " tag="300"><subfield code="a">234 p. ;</subfield><subfield code="c">24 cm.</subfield></datafield><datafield ind1=" " ind2=" " tag="336"><subfield code="a">text</subfield><subfield code="b">txt</subfield><subfield code="2">rdacontent</subfield></datafield><datafield ind1=" " ind2=" " tag="337"><subfield code="a">unmediated</subfield><subfield code="b">n</subfield><subfield code="2">rdamedia</subfield></datafield><datafield ind1=" " ind2=" " tag="338"><subfield code="a">volume</subfield><subfield code="b">nc</subfield><subfield code="2">rdacarrier</subfield></datafield><datafield ind1="1" ind2=" " tag="490"><subfield code="a">Haney Foundation series</subfield></datafield><datafield ind1=" " ind2=" " tag="504"><subfield code="a">Includes bibliographical references (pages 205-225) and index.</subfield></datafield><datafield ind1=" " ind2=" " tag="596"><subfield code="a">16 43</subfield></datafield><datafield ind1=" " ind2="0" tag="650"><subfield code="a">International relations.</subfield></datafield><datafield ind1=" " ind2="0" tag="650"><subfield code="a">International relations</subfield><subfield code="v">Case studies.</subfield></datafield><datafield ind1=" " ind2="0" tag="650"><subfield code="a">Security, International.</subfield></datafield><datafield ind1=" " ind2="0" tag="650"><subfield code="a">Security, International</subfield><subfield code="v">Case studies.</subfield></datafield><datafield ind1=" " ind2="0" tag="650"><subfield code="a">Great powers.</subfield></datafield><datafield ind1=" " ind2="0" tag="650"><subfield code="a">Great powers</subfield><subfield code="v">Case studies.</subfield></datafield><datafield ind1=" " ind2="0" tag="830"><subfield code="a">Haney Foundation series.</subfield></datafield><datafield ind1=" " ind2=" " tag="949"><subfield code="a">JZ 1242 K59 2015</subfield><subfield code="c">1</subfield><subfield code="h">UAAU-B</subfield><subfield code="i">0162035234481</subfield></datafield><datafield ind1=" " ind2=" " tag="926"><subfield code="a">JZ 1242 K59 2015</subfield><subfield code="w">LC</subfield><subfield code="c">1</subfield><subfield code="i">0162034578649</subfield><subfield code="d">2/22/2015</subfield><subfield code="e">2/20/2015</subfield><subfield code="l">ON_SHELF</subfield><subfield code="m">UAAUG</subfield><subfield code="n">1</subfield><subfield code="p">$150.00</subfield><subfield code="r">Y</subfield><subfield code="s">Y</subfield><subfield code="t">BOOK</subfield><subfield code="u">2/11/2015</subfield></datafield><datafield ind1=" " ind2=" " tag="926"><subfield code="a">JZ 1242 K59 2015</subfield><subfield code="w">LC</subfield><subfield code="c">1</subfield><subfield code="i">0162035248309</subfield><subfield code="l">ON_SHELF</subfield><subfield code="m">UAHSS</subfield><subfield code="p">$150.00</subfield><subfield code="r">Y</subfield><subfield code="s">Y</subfield><subfield code="t">BOOK</subfield><subfield code="u">3/4/2015</subfield></datafield></record>